%% Article
%%%%%%%%%%%%%%%%%%%%%%%%%%%%%%%%%%%%%%%%%%%%%%%%%%%%%%%%%

@article{chatterjee-kishinevsky:xmas,
  author	= {Satrajit Chatterjee and Michael Kishinevsky and Umit Y Ogras},
  title		= {xMAS: Quick Formal Modelling of Communication Fabrics to Enable Verification},
  journal	= {Journal of IEEE Design \& Test of Computers},
  year		= {2012},
  month		= {Aug},
  volume	= {},
  pages		= {},
  folder	= {}
}

@article{milner:polymorphism,
  author	= {Robin Milner},
  title		= {A {T}heory of {T}ype {P}olymorphism in {P}rogramming},
  journal	= {Journal of Computer and System Sciences},
  year		= {1978},
  month		= {Dec},
  volume	= {17},
  pages		= {348--375},
  folder	= { 2-1}
}

@Article{wirth:ebnf,
  author	= "Niklaus Wirth",
  title		= "What can we do about the unnecessary diversity of notation
for syntactic definitions?",
  journal	= "Comm. ACM",
  year		= 1977,
  volume	= 20,
  pages		= "822-823",
  month		= nov
}


%% Book
%%%%%%%%%%%%%%%%%%%%%%%%%%%%%%%%%%%%%%%%%%%%%%%%%%%%%%%%%

@Book{abelson-sussman:structure,
  author	= {Harold Abelson and Gerald Jay Sussman and Julie Sussman},
  title		= {The Structure and Interpretation of Computer Programs, 2nd
		  edition},
  publisher	= {MIT Press},
  address	= {Cambridge, Massachusetts},
  year		= {1996},
  url		= {http://mitpress.mit.edu/sicp/full-text/sicp/book/book.html}
}

@Book{goldberg-robson:smalltalk-language,
  author	= "Adele Goldberg and David Robson",
  title		= "{Smalltalk-80}; The {L}anguage and Its {I}mplementation",
  publisher	= "Addison-Wesley",
  year		= "1983",
  note		= "ISBN 0-201-11371-6"
}

@Book{matsumtoto:ruby,
  author	= {Yukihiro Matsumoto},
  title		= {Ruby in a {N}utshell},
  publisher	= {O'Reilly \& Associates},
  year		= "2001",
  month		= "nov",
  note		= "ISBN 0-596-00214-9"
}

@Book{rossum:python,
  author	= {Guido van Rossum and Fred L. Drake},
  title		= {The {P}ython {L}anguage {R}eference {M}anual},
  publisher	= {Network Theory Ltd},
  year		= "2003",
  month		= "sep",
  note		= {ISBN 0-954-16178-5\hspace*{\fill}\\
		  \verb@http://www.python.org/doc/current/ref/ref.html@}
}

@Manual{odersky:scala-reference,
  title =        {The {S}cala {L}anguage {S}pecification, Version 2.4},
  author =       {Martin Odersky},
  organization = {EPFL},
  month =        feb,
  year =         2007,
  note =         {http://www.scala-lang.org/docu/manuals.html}
}

@Book{odersky:scala-reference,
author = {Martin Odersky},
  title =        {The {S}cala {L}anguage {S}pecification, Version 2.4},
  publisher =    {},
  year =         {}
}


%% InProceedings
%%%%%%%%%%%%%%%%%%%%%%%%%%%%%%%%%%%%%%%%%%%%%%%%%%%%%%%%%

@InProceedings{odersky-et-al:fool10,
  author	= {Martin Odersky and Vincent Cremet and Christine R\"ockl
		  and Matthias Zenger},
  title		= {A {N}ominal {T}heory of {O}bjects with {D}ependent {T}ypes},
  booktitle	= {Proc. FOOL 10},
  year		= 2003,
  month		= jan,
  note		= {\hspace*{\fill}\\
		  \verb@http://www.cis.upenn.edu/~bcpierce/FOOL/FOOL10.html@}
}


%% Misc / web references
%%%%%%%%%%%%%%%%%%%%%%%%%%%%%%%%%%%%%%%%%%%%%%%%%%%%%%%%%

@misc{w3c:dom,
  author	= {W3C},
  title		= {Document Object Model ({DOM})},
  howpublished	= {\hspace*{\fill}\\
		  \verb@http://www.w3.org/DOM/@}
}

@misc{w3c:xml,
  author	= {W3C},
  title		= {Extensible {M}arkup {L}anguage ({XML})},
  howpublished	= {\hspace*{\fill}\\\verb@http://www.w3.org/TR/REC-xml@}
}

@misc{wiki:xplatf,
  author	= {wikipedia},
  title		= {{Cross Platform - Wikipedia, the free encyclopedia}},
  howpublished	= {\biburl{http://en.wikipedia.org/wiki/Cross-platform}},
}

@misc{wiki:xplatf_gui,
  author	= {wikipedia},
  title		= {{List of platform-independent GUI libraries - Wikipedia, the free encyclopedia}},
  howpublished	= {\biburl{http://en.wikipedia.org/wiki/List_of_platform-independent_GUI_libraries}},
}

@misc{wiki:cairo,
  author	= {wikipedia},
  title		= {Cairo (graphics) - Wikipedia, the free encyclopedia},
  howpublished	= {\biburl{http://en.wikipedia.org/wiki/Cairo_(graphics)}},
}

@misc{wiki:fltk,
  author	= {wikipedia},
  title		= {FLTK - Wikipedia, the free encyclopedia},
  howpublished	= {\biburl{http://en.wikipedia.org/wiki/FLTK}},
}

@misc{Geldenhuys:fpgui,
	author  = {Graeme Geldenhuys},
	title   = {Free Pascal GUI toolkit - fpGUI, fpGFX, fpIMG},
	howpublished = {\biburl{http://opensoft.homeip.net/fpgui/}},
}

@misc{wiki:fpgui,
  author	= {wikipedia},
  title		= {fpGUI - Wikipedia, the free encyclopedia},
  howpublished	= {\biburl{http://en.wikipedia.org/wiki/FpGUI}},
}

@misc{wiki:gtk+,
  author	= {wikipedia},
  title		= {GTK+ - Wikipedia, the free encyclopedia},
  howpublished	= {\biburl{http://en.wikipedia.org/wiki/GTK+}},
}

@misc{gtkmm:gtk+,
  author	= {gtkmm},
  title		= {gtkmm - C++ interfaces for GTK+ and GNOME},
  howpublished	= {\biburl{http://www.gtkmm.org/en/}},
}


@misc{wiki:juce,
  author	= {wikipedia},
  title		= {JUCE - Wikipedia, the free encyclopedia},
  howpublished	= {\biburl{http://en.wikipedia.org/wiki/JUCE}},
}

@misc{juce:juce,
	author  = {Julian Storer},
	title   = {JUCE Cross-Platform C++ Library},
	howpublished = {\biburl{http://www.juce.com}},
}

@misc{wiki:mozilla_application_framework,
  author	= {wikipedia},
  title		= {Mozilla application framework - Wikipedia, the free encyclopedia},
  howpublished	= {\biburl{http://en.wikipedia.org/wiki/Mozilla_application_framework}},
}

@misc{mdn:maf,
	author  = {Mozilla Developer Network (mdn)},
	title   = {Mozilla Application Framework in detail},
	howpublished = {\biburl{https://developer.mozilla.org/en/docs/Mozilla_Application_Framework_in_Detail}},
}

@misc{wiki:cegui,
	author  = {Wikipedia},
	title   = {CEGUI - Wikipedia, the free encyclopedia},
	howpublished = {\biburl{http://en.wikipedia.org/wiki/CEGUI}},
}

@misc{cegui:cegui,
	author  = {CEGUI},
	title   = {News |CEGUI},
	howpublished = {\biburl{http://cegui.org.uk/}},
}

@misc{cegui:getting-started,
	author  = {CEGUI},
	title   = {Getting Started | CEGUI},
	howpublished = {\biburl{http://cegui.org.uk/content/getting-started}},
}

@misc{gled:gled,
	author  = {Gled},
	title   = {gled},
	howpublished = {\biburl{http://www.gled.org}},
}

@misc{greed:gled,
    author = {Greed},
    title = {Greed},
    howpublished = {\biburl{http://greed.gled.org/}},
}


@misc{fltk:gled,
	author  = {FLTK},
	title   = {Fast Light Toolkit (FLTK)},
	howpublished = {\biburl{http://www.fltk.org/wiki.php?L+P22}},
}

@misc{wiki:opengl,
  author	= {wikipedia},
  title		= {OpenGL - Wikipedia, the free encyclopedia},
  howpublished	= {\biburl{http://en.wikipedia.org/wiki/OpenGL}},
}

@misc{wiki:qt,
  author	= {wikipedia},
  title		= {Qt (software) - Wikipedia, the free encyclopedia},
  howpublished	= {\biburl{http://en.wikipedia.org/wiki/Qt_(software)}},
}

@misc{wiki:sdl,
  author	= {wikipedia},
  title		= {Simple DirectMedia Layer - Wikipedia, the free encyclopedia},
  howpublished	= {\biburl{http://en.wikipedia.org/wiki/Simple_DirectMedia_Layer}},
}

@misc{sdl:sdl,
  author	= {SDL},
  title		= {Simple DirectMedia Layer - Homepage},
  howpublished	= {\biburl{http://www.libsdl.org/index.php}},
}

@misc{wiki:tk,
  author	= {wikipedia},
  title		= {Tk (software) - Wikipedia, the free encyclopedia},
  howpublished	= {\biburl{http://en.wikipedia.org/wiki/Tk_(software)}},
}

@misc{tcltk:tk,
	author  = {TCL Developer Xchange},
	title   = {Tcl/tk starkits},
	howpublished = {\biburl{http://www.tcl.tk/starkits/}},
}

@misc{wiki:ultimate++,
  author	= {wikipedia},
  title		= {Ultimate++ - Wikipedia, the free encyclopedia},
  howpublished	= {\biburl{http://en.wikipedia.org/wiki/ultimate++}},
}

@misc{u++:ultimate++,
	author  = {ultimate++},
	title   = {Google Summer of Code 2010 ideas},
	howpublished = {\biburl{http://www.ultimatepp.org/gsoc$uppweb$ideas2010$en-us.html}},
}

@misc{wiki:wxwidget,
  author	= {wikipedia},
  title		= {WxWidget - Wikipedia, the free encyclopedia},
  howpublished	= {\biburl{http://en.wikipedia.org/wiki/wxwidget}},
}

@misc{wxwidget:comparison,
	author  = {WxWidget},
	title   = {WxWidgets Compared To Other Toolkits},
	howpublished = {\biburl{http://wiki.wxwidgets.org/WxWidgets_Compared_To_Other_Toolkits}},
}

@misc{wiki:gdk,
  author	= {wikipedia},
  title		= {GDK - Wikipedia, the free encyclopedia},
  howpublished	= {\biburl{http://en.wikipedia.org/wiki/gdk}},
}

@misc{gnome:gdk3,
	author  = {Gnome},
	title   = {GDK 3 Reference Manual},
	howpublished = {\biburl{https://developer.gnome.org/gdk3/}},
}

%% not considered for UI framework
%%%%%%%%%%%%%%%%%%%%%%%%%%%%%%%%%%%%%%%%%%%%%%%%%%%%%%%%%

@misc{wiki:eclipse,
  author	= {wikipedia},
  title		= {Eclipse (software) - Wikipedia, the free encyclopedia},
  howpublished	= {\biburl{http://en.wikipedia.org/wiki/Eclipse_(software)}},
}

@misc{appear:appeariq,
  author	= {appear},
  title		= {Welcome to AppearIQ - AIQ8 Developer Portal},
  howpublished	= {\biburl{https://www.appeariq.com}},
}

@misc{wiki:genexus,
  author	= {wikipedia},
  title		= {GeneXus - Wikipedia, the free encyclopedia},
  howpublished	= {\biburl{http://en.wikipedia.org/wiki/GeneXus}},
}

@misc{wiki:haxe,
  author	= {wikipedia},
  title		= {HaXe - Wikipedia, the free encyclopedia},
  howpublished	= {\biburl{http://en.wikipedia.org/wiki/HaXe}},
}

@misc{wiki:max,
  author	= {wikipedia},
  title		= {Max (software) - Wikipedia, the free encyclopedia},
  howpublished	= {\biburl{http://en.wikipedia.org/wiki/Max_(software)}},
}

@misc{wiki:mono,
  author	= {wikipedia},
  title		= {Mono (software) - Wikipedia, the free encyclopedia},
  howpublished	= {\biburl{http://en.wikipedia.org/wiki/Mono_(software)}},
}

@misc{wiki:monocross,
  author	= {wikipedia},
  title		= {MonoCross - Wikipedia, the free encyclopedia},
  howpublished	= {\biburl{http://en.wikipedia.org/wiki/MonoCross}},
}

@misc{wiki:mosync,
  author	= {wikipedia},
  title		= {MoSync - Wikipedia, the free encyclopedia},
  howpublished	= {\biburl{http://en.wikipedia.org/wiki/MoSync}},
}

@misc{wiki:xojo,
  author	= {wikipedia},
  title		= {Xojo - Wikipedia, the free encyclopedia},
  howpublished	= {\biburl{http://en.wikipedia.org/wiki/Xojo}},
}

@misc{wiki:smartface,
  author	= {wikipedia},
  title		= {Smartface - Wikipedia, the free encyclopedia},
  howpublished	= {\biburl{http://en.wikipedia.org/wiki/Smartface}},
}

@misc{smartface:license,
  author	= {Smartface},
  title		= {Smartface},
  howpublished  = {\biburl{http://www.smartface.io/license/}},
}

@misc{wiki:webdev,
  author	= {wikipedia},
  title		= {WebDev - Wikipedia, the free encyclopedia},
  howpublished	= {\biburl{http://en.wikipedia.org/wiki/WebDev}},
}

@misc{wiki:windev,
  author	= {wikipedia},
  title		= {WinDev - Wikipedia, the free encyclopedia},
  howpublished	= {\biburl{http://en.wikipedia.org/wiki/WinDev}},
}

@misc{wiki:xpower++,
  author	= {wikipedia},
  title		= {XPower++ - Wikipedia, the free encyclopedia},
  howpublished	= {\biburl{http://en.wikipedia.org/wiki/XPower++}},
}

@misc{wiki:lazarus,
  author	= {wikipedia},
  title		= {Lazarus (IDE) - Wikipedia, the free encyclopedia},
  howpublished	= {\biburl{http://en.wikipedia.org/wiki/Lazarus_(IDE)}},
}

%%
%%%%%%%%%%%%%%%%%%%%%%%%%%%%%%%%%%%%%%%%%%

@TechReport{scala-overview-tech-report,
  author =       {Martin Odersky and al.},
  title =        {An {O}verview of the {S}cala {P}rogramming {L}anguage},
  institution =  {EPFL Lausanne, Switzerland},
  year =         2004,
  number =       {IC/2004/64}
}

@InProceedings{odersky:sca,
  author =       {Martin Odersky and Matthias Zenger},
  title =        {Scalable {C}omponent {A}bstractions},
  booktitle =    {Proc. OOPSLA},
  year =         2005
}

@InProceedings{odersky-et-al:ecoop03,
  author =       {Martin Odersky and Vincent Cremet and Christine R\"ockl and Matthias Zenger},
  title =        {A {N}ominal {T}heory of {O}bjects with {D}ependent {T}ypes},
  booktitle =    {Proc. ECOOP'03},
  year =         2003,
  month =        jul,
  series =       {Springer LNCS}
}

@InCollection{cremet-odersky:pilib,
  author =       {Vincent Cremet and Martin Odersky},
  title =        {{PiLib} - A {H}osted {L}anguage for {P}i-{C}alculus {S}tyle {C}oncurrency},
  booktitle =    {Domain-Specific Program Generation},
  publisher =    {Springer},
  year =         2005,
  volume =       3016,
  series =       {Lecture Notes in Computer Science}
}

@InProceedings{odersky-zenger:fool12,
  author =       {Martin Odersky and Matthias Zenger},
  title =        {Independently {E}xtensible {S}olutions to the {E}xpression {P}roblem},
  booktitle =    {Proc. FOOL 12},
  year =         2005,
  month =        jan,
  note =         {\verb@http://homepages.inf.ed.ac.uk/wadler/fool@}
}

@InProceedings{odersky:scala-experiment,
  author =       {Martin Odersky},
  title =        {The {S}cala {E}xperiment -- {C}an {W}e {P}rovide {B}etter {L}anguage {S}upport for {C}omponent {S}ystems?},
  booktitle =    {Proc. ACM Symposium on Principles of Programming Languages},
  year =         2006
}

@MISC{kennedy-pierce:decidable,
  author = {Andrew J. Kennedy and Benjamin C. Pierce},
  title = {On {D}ecidability of {N}ominal {S}ubtyping with {V}ariance},
  year = {2007},
  month = jan,
  note = {FOOL-WOOD '07},
  short = {http://www.cis.upenn.edu/~bcpierce/papers/variance.pdf}
}

@Misc{spec-sid,
  author =       {Iulian Dragos},
  title =        {Scala Specialization},
  year =         2010,
  note =         {SID-9}
}
