%% Article
%%%%%%%%%%%%%%%%%%%%%%%%%%%%%%%%%%%%%%%%%%%%%%%%%%%%%%%%%

@article{SoC-market,
  author   = {Pushkar Ranade},
  title     = {System-on-chip technology comes of age},
  journal ={EE Times},
  year    = {2012},
  pages = {1-3},
 note      = {\url{http://www.eetimes.com/document.asp?doc_id=1279975}}
}

@ARTICLE{6225465, 
author={Chatterjee, S. and Kishinevsky, M. and Ogras, U.Y.}, 
journal={Design Test of Computers, IEEE}, 
title={xMAS: Quick Formal Modeling of Communication Fabrics to Enable Verification}, 
year={2012}, 
month={June}, 
volume={29}, 
number={3}, 
pages={80-88}, 
keywords={electronic engineering computing;formal verification;system-on-chip;RTL;circuit design;communication fabrics;correctness reasoning;dynamic validation;graphical notation;microarchitectural level;microarchitectural primitive;model checking;performance modeling;quick formal modeling;system-on-chip;verification;xMAS;Data models;Formal verification;Mathematical model;Microarchitecture;Modeling;Standards;System recovery;Timing}, 
doi={10.1109/MDT.2012.2205998}, 
ISSN={0740-7475},}


@article{WickedXmas,
  author   = {Sebastiaan J.C. Joosten and
               Freek Verbeek and
               Julien Schmaltz},
  title     = {WickedXmas: Designing and Verifying on-chip Communication Fabrics},
  journal ={},
  year    = {},
 note      = {\url{http://fmgroup.polito.it/cabodi/difts2014/papers/difts2014_submission_4.pdf}}
}


%% Book
%%%%%%%%%%%%%%%%%%%%%%%%%%%%%%%%%%%%%%%%%%%%%%%%%%%%%%%%%


%% InProceedings
%%%%%%%%%%%%%%%%%%%%%%%%%%%%%%%%%%%%%%%%%%%%%%%%%%%%%%%%%

@INPROCEEDINGS{6176626, 
author={Ray, S. and Brayton, R.K.}, 
booktitle={Design, Automation Test in Europe Conference Exhibition (DATE), 2012}, 
title={Scalable progress verification in credit-based flow-control systems}, 
year={2012}, 
month={March}, 
pages={905-910}, 
keywords={formal verification;multiprocessor interconnection networks;safety;system recovery;bit-level formal verifier;credit-based flow-control systems;deadlock freedom;end-to-end progress property;formal proof;localized safety assertions;practical communication fabrics;scalable progress verification;Algorithm design and analysis;Control systems;Fabrics;Hardware;Safety;Synchronization;System recovery}, 
doi={10.1109/DATE.2012.6176626}, 
ISSN={1530-1591},}


%% Misc / web references
%%%%%%%%%%%%%%%%%%%%%%%%%%%%%%%%%%%%%%%%%%%%%%%%%%%%%%%%%


@misc{SoC,
author   = {Sebastian Anthony},
  title     = {SoC vs. CPU – The battle for the future of computing},
  year    = {2012},
 note      = {\url{http://www.extremetech.com/computing/126235-soc-vs-cpu-the-battle-for-the-future-of-computing}}
}

@misc{NoC-Moore,
author   = {Avi Kolodny},
  title     = {Networks on Chips (NoC) : Keeping up with Rent’s Rule and Moore’s Law},
  year    = {2007},
 note      = {\url{http://www.sliponline.org/SLIP07/presentations/4A_Kolodny.pdf}}
}


@misc{NoC-design-verification,
author   = {V. Hahanov and O. Yegorov and K. Mostova},
  title     = {NoCs Design for Verification},
  year    = {2007},
 note      = {\url{http://www.ee.ktu.lt/journal/2007/3/09_T121_Mostova%20str_02.pdf}}
}


@misc{NoC-arteris,
author   = {},
  title     = {Network on Chip (NoC) Interconnect Technology for SoCs},
  year    = {},
 note      = {\url{http://www.arteris.com/technology}}
}

@misc{NoC-busses,
author   = {Phillippe Martin},
  title     = {A comparison of Network-on-Chip and Busses},
  year    = {},
 note      = {\url{http://chipdesignmag.com/display.php?articleId=371}}
}


