@inproceedings{DBLP:journals/corr/abs-1304-7859,
  author    = {Freek Verbeek and
               Julien Schmaltz},
  title     = {Verification of Building Blocks for Asynchronous Circuits},
  booktitle = {Proceedings International Workshop on the {ACL2} Theorem Prover and
               its Applications, {ACL2} 2013, Laramie, Wyoming, USA, May 30-31, 2013.},
  pages     = {70--84},
  year      = {2013},
  crossref  = {DBLP:journals/corr/abs-1304-7123},
  url       = {http://dx.doi.org/10.4204/EPTCS.114.6},
  doi       = {10.4204/EPTCS.114.6},
  timestamp = {Mon, 28 Oct 2013 16:56:55 +0100},
  biburl    = {http://dblp.uni-trier.de/rec/bib/journals/corr/abs-1304-7859},
  bibsource = {dblp computer science bibliography, http://dblp.org}
}

@proceedings{DBLP:journals/corr/abs-1304-7123,
  editor    = {Ruben Gamboa and
               Jared Davis},
  title     = {Proceedings International Workshop on the {ACL2} Theorem Prover and
               its Applications, {ACL2} 2013, Laramie, Wyoming, USA, May 30-31, 2013},
  series    = {{EPTCS}},
  volume    = {114},
  year      = {2013},
  url       = {http://dx.doi.org/10.4204/EPTCS.114},
  doi       = {10.4204/EPTCS.114},
  timestamp = {Mon, 28 Oct 2013 16:56:55 +0100},
  biburl    = {http://dblp.uni-trier.de/rec/bib/journals/corr/abs-1304-7123},
  bibsource = {dblp computer science bibliography, http://dblp.org}
}

