@inproceedings{DBLP:journals/corr/abs-1110-4677,
  author    = {Freek Verbeek and
               Julien Schmaltz},
  title     = {Formal verification of a deadlock detection algorithm},
  booktitle = {Proceedings 10th International Workshop on the {ACL2} Theorem Prover
               and its Applications, {ACL2} 2011, Austin, Texas, USA, November 3-4,
               2011.},
  pages     = {103--112},
  year      = {2011},
  crossref  = {DBLP:journals/corr/abs-1110-4473},
  url       = {http://dx.doi.org/10.4204/EPTCS.70.8},
  doi       = {10.4204/EPTCS.70.8},
  timestamp = {Mon, 28 Oct 2013 16:56:55 +0100},
  biburl    = {http://dblp.uni-trier.de/rec/bib/journals/corr/abs-1110-4677},
  bibsource = {dblp computer science bibliography, http://dblp.org}
}

@proceedings{DBLP:journals/corr/abs-1110-4473,
  editor    = {David Hardin and
               Julien Schmaltz},
  title     = {Proceedings 10th International Workshop on the {ACL2} Theorem Prover
               and its Applications, {ACL2} 2011, Austin, Texas, USA, November 3-4,
               2011},
  series    = {{EPTCS}},
  volume    = {70},
  year      = {2011},
  url       = {http://dx.doi.org/10.4204/EPTCS.70},
  doi       = {10.4204/EPTCS.70},
  timestamp = {Mon, 28 Oct 2013 16:56:55 +0100},
  biburl    = {http://dblp.uni-trier.de/rec/bib/journals/corr/abs-1110-4473},
  bibsource = {dblp computer science bibliography, http://dblp.org}
}

