@article{DBLP:journals/ejes/BorrioneHPS09,
  author    = {Dominique Borrione and
               Amr Helmy and
               Laurence Pierre and
               Julien Schmaltz},
  title     = {A Formal Approach to the Verification of Networks on Chip},
  journal   = {{EURASIP} J. Emb. Sys.},
  volume    = {2009},
  year      = {2009},
  url       = {http://dx.doi.org/10.1155/2009/548324},
  doi       = {10.1155/2009/548324},
  timestamp = {Mon, 28 Feb 2011 11:24:40 +0100},
  biburl    = {http://dblp.uni-trier.de/rec/bib/journals/ejes/BorrioneHPS09},
  bibsource = {dblp computer science bibliography, http://dblp.org}
}

