@inproceedings{DBLP:conf/hldvt/ChatterjeeKO10,
  author    = {Satrajit Chatterjee and
               Michael Kishinevsky and
               {\"{U}}mit Y. Ogras},
  title     = {Quick formal modeling of communication fabrics to enable verification},
  booktitle = {{IEEE} International High Level Design Validation and Test Workshop,
               {HLDVT} 2010, Anaheim, CA, USA, 10-12 June 2010},
  pages     = {42--49},
  year      = {2010},
  crossref  = {DBLP:conf/hldvt/2010},
  url       = {http://dx.doi.org/10.1109/HLDVT.2010.5496662},
  doi       = {10.1109/HLDVT.2010.5496662},
  timestamp = {Fri, 08 Jul 2011 15:25:20 +0200},
  biburl    = {http://dblp.uni-trier.de/rec/bib/conf/hldvt/ChatterjeeKO10},
  bibsource = {dblp computer science bibliography, http://dblp.org}
}

@proceedings{DBLP:conf/hldvt/2010,
  title     = {{IEEE} International High Level Design Validation and Test Workshop,
               {HLDVT} 2010, Anaheim, CA, USA, 10-12 June 2010},
  publisher = {{IEEE}},
  year      = {2010},
  timestamp = {Fri, 08 Jul 2011 15:24:24 +0200},
  biburl    = {http://dblp.uni-trier.de/rec/bib/conf/hldvt/2010},
  bibsource = {dblp computer science bibliography, http://dblp.org}
}

