@article{DBLP:journals/fmsd/ChatterjeeK12,
  author    = {Satrajit Chatterjee and
               Michael Kishinevsky},
  title     = {Automatic generation of inductive invariants from high-level microarchitectural
               models of communication fabrics},
  journal   = {Formal Methods in System Design},
  volume    = {40},
  number    = {2},
  pages     = {147--169},
  year      = {2012},
  url       = {http://dx.doi.org/10.1007/s10703-011-0134-0},
  doi       = {10.1007/s10703-011-0134-0},
  timestamp = {Fri, 23 Mar 2012 13:24:17 +0100},
  biburl    = {http://dblp.uni-trier.de/rec/bib/journals/fmsd/ChatterjeeK12},
  bibsource = {dblp computer science bibliography, http://dblp.org}
}

