@inproceedings{DBLP:conf/cav/ChatterjeeK10,
  author    = {Satrajit Chatterjee and
               Michael Kishinevsky},
  title     = {Automatic Generation of Inductive Invariants from High-Level Microarchitectural
               Models of Communication Fabrics},
  booktitle = {Computer Aided Verification, 22nd International Conference, {CAV}
               2010, Edinburgh, UK, July 15-19, 2010. Proceedings},
  pages     = {321--338},
  year      = {2010},
  crossref  = {DBLP:conf/cav/2010},
  url       = {http://dx.doi.org/10.1007/978-3-642-14295-6_29},
  doi       = {10.1007/978-3-642-14295-6_29},
  timestamp = {Mon, 12 Jul 2010 12:34:59 +0200},
  biburl    = {http://dblp.uni-trier.de/rec/bib/conf/cav/ChatterjeeK10},
  bibsource = {dblp computer science bibliography, http://dblp.org}
}

@proceedings{DBLP:conf/cav/2010,
  editor    = {Tayssir Touili and
               Byron Cook and
               Paul Jackson},
  title     = {Computer Aided Verification, 22nd International Conference, {CAV}
               2010, Edinburgh, UK, July 15-19, 2010. Proceedings},
  series    = {Lecture Notes in Computer Science},
  volume    = {6174},
  publisher = {Springer},
  year      = {2010},
  url       = {http://dx.doi.org/10.1007/978-3-642-14295-6},
  doi       = {10.1007/978-3-642-14295-6},
  isbn      = {978-3-642-14294-9},
  timestamp = {Mon, 12 Jul 2010 12:30:48 +0200},
  biburl    = {http://dblp.uni-trier.de/rec/bib/conf/cav/2010},
  bibsource = {dblp computer science bibliography, http://dblp.org}
}

