@inproceedings{DBLP:conf/vlsi/GastelVS14,
  author    = {Bernard van Gastel and
               Freek Verbeek and
               Julien Schmaltz},
  title     = {Inference of channel types in micro-architectural models of on-chip
               communication networks},
  booktitle = {22nd International Conference on Very Large Scale Integration, VLSI-SoC,
               Playa del Carmen, Mexico, October 6-8, 2014},
  pages     = {1--6},
  year      = {2014},
  crossref  = {DBLP:conf/vlsi/2014soc},
  url       = {http://dx.doi.org/10.1109/VLSI-SoC.2014.7004168},
  doi       = {10.1109/VLSI-SoC.2014.7004168},
  timestamp = {Tue, 13 Jan 2015 12:03:28 +0100},
  biburl    = {http://dblp.uni-trier.de/rec/bib/conf/vlsi/GastelVS14},
  bibsource = {dblp computer science bibliography, http://dblp.org}
}

@proceedings{DBLP:conf/vlsi/2014soc,
  editor    = {Lorena Garcia},
  title     = {22nd International Conference on Very Large Scale Integration, VLSI-SoC,
               Playa del Carmen, Mexico, October 6-8, 2014},
  publisher = {{IEEE}},
  year      = {2014},
  url       = {http://ieeexplore.ieee.org/xpl/mostRecentIssue.jsp?punumber=6996506},
  isbn      = {978-1-4799-6016-3},
  timestamp = {Tue, 13 Jan 2015 11:23:50 +0100},
  biburl    = {http://dblp.uni-trier.de/rec/bib/conf/vlsi/2014soc},
  bibsource = {dblp computer science bibliography, http://dblp.org}
}

