@inproceedings{DBLP:conf/vmcai/GotmanovCK11,
  author    = {Alexander Gotmanov and
               Satrajit Chatterjee and
               Michael Kishinevsky},
  title     = {Verifying Deadlock-Freedom of Communication Fabrics},
  booktitle = {Verification, Model Checking, and Abstract Interpretation - 12th International
               Conference, {VMCAI} 2011, Austin, TX, USA, January 23-25, 2011. Proceedings},
  pages     = {214--231},
  year      = {2011},
  crossref  = {DBLP:conf/vmcai/2011},
  url       = {http://dx.doi.org/10.1007/978-3-642-18275-4_16},
  doi       = {10.1007/978-3-642-18275-4_16},
  timestamp = {Tue, 15 Feb 2011 15:04:41 +0100},
  biburl    = {http://dblp.uni-trier.de/rec/bib/conf/vmcai/GotmanovCK11},
  bibsource = {dblp computer science bibliography, http://dblp.org}
}

@proceedings{DBLP:conf/vmcai/2011,
  editor    = {Ranjit Jhala and
               David A. Schmidt},
  title     = {Verification, Model Checking, and Abstract Interpretation - 12th International
               Conference, {VMCAI} 2011, Austin, TX, USA, January 23-25, 2011. Proceedings},
  series    = {Lecture Notes in Computer Science},
  volume    = {6538},
  publisher = {Springer},
  year      = {2011},
  url       = {http://dx.doi.org/10.1007/978-3-642-18275-4},
  doi       = {10.1007/978-3-642-18275-4},
  isbn      = {978-3-642-18274-7},
  timestamp = {Tue, 15 Feb 2011 15:02:49 +0100},
  biburl    = {http://dblp.uni-trier.de/rec/bib/conf/vmcai/2011},
  bibsource = {dblp computer science bibliography, http://dblp.org}
}

