@inproceedings{DBLP:conf/date/JoostenS14,
  author    = {Sebastiaan J. C. Joosten and
               Julien Schmaltz},
  title     = {Scalable liveness verification for communication fabrics},
  booktitle = {Design, Automation {\&} Test in Europe Conference {\&} Exhibition,
               {DATE} 2014, Dresden, Germany, March 24-28, 2014},
  pages     = {1--6},
  year      = {2014},
  crossref  = {DBLP:conf/date/2014},
  url       = {http://dx.doi.org/10.7873/DATE.2014.126},
  doi       = {10.7873/DATE.2014.126},
  timestamp = {Wed, 19 Nov 2014 19:13:27 +0100},
  biburl    = {http://dblp.uni-trier.de/rec/bib/conf/date/JoostenS14},
  bibsource = {dblp computer science bibliography, http://dblp.org}
}

@proceedings{DBLP:conf/date/2014,
  title     = {Design, Automation {\&} Test in Europe Conference {\&} Exhibition,
               {DATE} 2014, Dresden, Germany, March 24-28, 2014},
  publisher = {{IEEE}},
  year      = {2014},
  url       = {http://ieeexplore.ieee.org/xpl/mostRecentIssue.jsp?punumber=6784162},
  timestamp = {Wed, 19 Nov 2014 19:13:26 +0100},
  biburl    = {http://dblp.uni-trier.de/rec/bib/conf/date/2014},
  bibsource = {dblp computer science bibliography, http://dblp.org}
}

