@inproceedings{DBLP:conf/memocode/JoostenS13,
  author    = {Sebastiaan J. C. Joosten and
               Julien Schmaltz},
  title     = {Generation of inductive invariants from register transfer level designs
               of communication fabrics},
  booktitle = {11th {ACM/IEEE} International Conference on Formal Methods and Models
               for Codesign, {MEMCODE} 2013, Portland, OR, USA, October 18-20, 2013},
  pages     = {57--64},
  year      = {2013},
  crossref  = {DBLP:conf/memocode/2013},
  url       = {http://ieeexplore.ieee.org/xpl/freeabs_all.jsp?arnumber=6670941},
  timestamp = {Wed, 15 Jan 2014 13:04:33 +0100},
  biburl    = {http://dblp.uni-trier.de/rec/bib/conf/memocode/JoostenS13},
  bibsource = {dblp computer science bibliography, http://dblp.org}
}

@proceedings{DBLP:conf/memocode/2013,
  title     = {11th {ACM/IEEE} International Conference on Formal Methods and Models
               for Codesign, {MEMCODE} 2013, Portland, OR, USA, October 18-20, 2013},
  publisher = {{IEEE}},
  year      = {2013},
  url       = {http://ieeexplore.ieee.org/xpl/mostRecentIssue.jsp?punumber=6657333},
  isbn      = {978-1-4799-0903-2},
  timestamp = {Wed, 15 Jan 2014 13:02:22 +0100},
  biburl    = {http://dblp.uni-trier.de/rec/bib/conf/memocode/2013},
  bibsource = {dblp computer science bibliography, http://dblp.org}
}

