@inproceedings{DBLP:conf/itp/KishinevskyGV11,
  author    = {Michael Kishinevsky and
               Alexander Gotmanov and
               Yuriy Viktorov},
  title     = {Challenges in Verifying Communication Fabrics},
  booktitle = {Interactive Theorem Proving - Second International Conference, {ITP}
               2011, Berg en Dal, The Netherlands, August 22-25, 2011. Proceedings},
  pages     = {18--21},
  year      = {2011},
  crossref  = {DBLP:conf/itp/2011},
  url       = {http://dx.doi.org/10.1007/978-3-642-22863-6_4},
  doi       = {10.1007/978-3-642-22863-6_4},
  timestamp = {Tue, 16 Aug 2011 11:22:19 +0200},
  biburl    = {http://dblp.uni-trier.de/rec/bib/conf/itp/KishinevskyGV11},
  bibsource = {dblp computer science bibliography, http://dblp.org}
}

@proceedings{DBLP:conf/itp/2011,
  editor    = {Marko C. J. D. van Eekelen and
               Herman Geuvers and
               Julien Schmaltz and
               Freek Wiedijk},
  title     = {Interactive Theorem Proving - Second International Conference, {ITP}
               2011, Berg en Dal, The Netherlands, August 22-25, 2011. Proceedings},
  series    = {Lecture Notes in Computer Science},
  volume    = {6898},
  publisher = {Springer},
  year      = {2011},
  url       = {http://dx.doi.org/10.1007/978-3-642-22863-6},
  doi       = {10.1007/978-3-642-22863-6},
  isbn      = {978-3-642-22862-9},
  timestamp = {Tue, 16 Aug 2011 11:18:44 +0200},
  biburl    = {http://dblp.uni-trier.de/rec/bib/conf/itp/2011},
  bibsource = {dblp computer science bibliography, http://dblp.org}
}

