@inproceedings{DBLP:conf/slip/OgrasK12,
  author    = {{\"{U}}mit Y. Ogras and
               Michael Kishinevsky},
  title     = {Design and optimization of communication fabrics: an industrial perspective},
  booktitle = {International Workshop on System Level Interconnect Prediction, {SLIP}
               '12, San Francisco, CA, USA, June 3, 2012},
  pages     = {19},
  year      = {2012},
  crossref  = {DBLP:conf/slip/2012},
  url       = {http://doi.acm.org/10.1145/2347655.2347662},
  doi       = {10.1145/2347655.2347662},
  timestamp = {Mon, 24 Mar 2014 15:06:41 +0100},
  biburl    = {http://dblp.uni-trier.de/rec/bib/conf/slip/OgrasK12},
  bibsource = {dblp computer science bibliography, http://dblp.org}
}

@proceedings{DBLP:conf/slip/2012,
  title     = {International Workshop on System Level Interconnect Prediction, {SLIP}
               '12, San Francisco, CA, USA, June 3, 2012},
  publisher = {{ACM}},
  year      = {2012},
  url       = {http://dl.acm.org/citation.cfm?id=2347655},
  isbn      = {978-1-4503-1437-4},
  timestamp = {Mon, 24 Mar 2014 15:03:50 +0100},
  biburl    = {http://dblp.uni-trier.de/rec/bib/conf/slip/2012},
  bibsource = {dblp computer science bibliography, http://dblp.org}
}

