@inproceedings{DBLP:conf/hldvt/VerbeekS12,
  author    = {Freek Verbeek and
               Julien Schmaltz},
  title     = {Automatic generation of deadlock detection algorithms for a family
               of microarchitecture description languages of communication fabrics},
  booktitle = {2012 {IEEE} International High Level Design Validation and Test Workshop,
               {HLDVT} 2012, Huntington Beach, CA, USA, November 9-10, 2012},
  pages     = {25--32},
  year      = {2012},
  crossref  = {DBLP:conf/hldvt/2012},
  url       = {http://doi.ieeecomputersociety.org/10.1109/HLDVT.2012.6418239},
  doi       = {10.1109/HLDVT.2012.6418239},
  timestamp = {Wed, 11 Jun 2014 19:35:08 +0200},
  biburl    = {http://dblp.uni-trier.de/rec/bib/conf/hldvt/VerbeekS12},
  bibsource = {dblp computer science bibliography, http://dblp.org}
}

@proceedings{DBLP:conf/hldvt/2012,
  title     = {2012 {IEEE} International High Level Design Validation and Test Workshop,
               {HLDVT} 2012, Huntington Beach, CA, USA, November 9-10, 2012},
  publisher = {{IEEE} Computer Society},
  year      = {2012},
  url       = {http://ieeexplore.ieee.org/xpl/mostRecentIssue.jsp?punumber=6412847},
  isbn      = {978-1-4673-2897-5},
  timestamp = {Wed, 11 Jun 2014 19:34:49 +0200},
  biburl    = {http://dblp.uni-trier.de/rec/bib/conf/hldvt/2012},
  bibsource = {dblp computer science bibliography, http://dblp.org}
}

