@inproceedings{DBLP:conf/fmcad/VerbeekS11,
  author    = {Freek Verbeek and
               Julien Schmaltz},
  title     = {Hunting deadlocks efficiently in microarchitectural models of communication
               fabrics},
  booktitle = {International Conference on Formal Methods in Computer-Aided Design,
               {FMCAD} '11, Austin, TX, USA, October 30 - November 02, 2011},
  pages     = {223--231},
  year      = {2011},
  crossref  = {DBLP:conf/fmcad/2011},
  url       = {http://dl.acm.org/citation.cfm?id=2157688},
  timestamp = {Mon, 13 Aug 2012 09:10:43 +0200},
  biburl    = {http://dblp.uni-trier.de/rec/bib/conf/fmcad/VerbeekS11},
  bibsource = {dblp computer science bibliography, http://dblp.org}
}

@proceedings{DBLP:conf/fmcad/2011,
  editor    = {Per Bjesse and
               Anna Slobodov{\'{a}}},
  title     = {International Conference on Formal Methods in Computer-Aided Design,
               {FMCAD} '11, Austin, TX, USA, October 30 - November 02, 2011},
  publisher = {{FMCAD} Inc.},
  year      = {2011},
  url       = {http://dl.acm.org/citation.cfm?id=2157654},
  isbn      = {978-0-9835678-1-3},
  timestamp = {Mon, 13 Aug 2012 09:09:14 +0200},
  biburl    = {http://dblp.uni-trier.de/rec/bib/conf/fmcad/2011},
  bibsource = {dblp computer science bibliography, http://dblp.org}
}

