@article{DBLP:journals/afp/VerbeekTHBLSNFWS14,
  author    = {Freek Verbeek and
               Sergey Tverdyshev and
               Oto Havle and
               Holger Blasum and
               Bruno Langenstein and
               Werner Stephan and
               Yakoub Nemouchi and
               Abderrahmane Feliachi and
               Burkhart Wolff and
               Julien Schmaltz},
  title     = {Formal Specification of a Generic Separation Kernel},
  journal   = {Archive of Formal Proofs},
  volume    = {2014},
  year      = {2014},
  url       = {http://afp.sourceforge.net/entries/CISC-Kernel.shtml},
  timestamp = {Tue, 07 Oct 2014 08:56:43 +0200},
  biburl    = {http://dblp.uni-trier.de/rec/bib/journals/afp/VerbeekTHBLSNFWS14},
  bibsource = {dblp computer science bibliography, http://dblp.org}
}

