@inproceedings{DBLP:conf/async/VerbeekJS13,
  author    = {Freek Verbeek and
               Sebastiaan J. C. Joosten and
               Julien Schmaltz},
  title     = {Formal Deadlock Verification for Click Circuits},
  booktitle = {19th {IEEE} International Symposium on Asynchronous Circuits and Systems,
               {ASYNC} 2013, Santa Monica, CA, USA, May 19-22, 2013},
  pages     = {183--190},
  year      = {2013},
  crossref  = {DBLP:conf/async/2013},
  url       = {http://dx.doi.org/10.1109/ASYNC.2013.21},
  doi       = {10.1109/ASYNC.2013.21},
  timestamp = {Thu, 16 Oct 2014 11:29:23 +0200},
  biburl    = {http://dblp.uni-trier.de/rec/bib/conf/async/VerbeekJS13},
  bibsource = {dblp computer science bibliography, http://dblp.org}
}

@proceedings{DBLP:conf/async/2013,
  title     = {19th {IEEE} International Symposium on Asynchronous Circuits and Systems,
               {ASYNC} 2013, Santa Monica, CA, USA, May 19-22, 2013},
  publisher = {{IEEE} Computer Society},
  year      = {2013},
  url       = {http://ieeexplore.ieee.org/xpl/mostRecentIssue.jsp?punumber=6545870},
  isbn      = {978-1-4673-5956-6},
  timestamp = {Thu, 16 Oct 2014 11:29:23 +0200},
  biburl    = {http://dblp.uni-trier.de/rec/bib/conf/async/2013},
  bibsource = {dblp computer science bibliography, http://dblp.org}
}

