@article{DBLP:journals/tpds/VerbeekS14,
  author    = {Freek Verbeek and
               Julien Schmaltz},
  title     = {A Decision Procedure for Deadlock-Free Routing in Wormhole Networks},
  journal   = {{IEEE} Trans. Parallel Distrib. Syst.},
  volume    = {25},
  number    = {8},
  pages     = {1935--1944},
  year      = {2014},
  url       = {http://doi.ieeecomputersociety.org/10.1109/TPDS.2013.121},
  doi       = {10.1109/TPDS.2013.121},
  timestamp = {Tue, 22 Jul 2014 17:53:55 +0200},
  biburl    = {http://dblp.uni-trier.de/rec/bib/journals/tpds/VerbeekS14},
  bibsource = {dblp computer science bibliography, http://dblp.org}
}

