@inproceedings{DBLP:conf/date/VerbeekS10,
  author    = {Freek Verbeek and
               Julien Schmaltz},
  title     = {Formal specification of networks-on-chips: deadlock and evacuation},
  booktitle = {Design, Automation and Test in Europe, {DATE} 2010, Dresden, Germany,
               March 8-12, 2010},
  pages     = {1701--1706},
  year      = {2010},
  crossref  = {DBLP:conf/date/2010},
  url       = {http://ieeexplore.ieee.org/xpls/abs_all.jsp?arnumber=5457089},
  timestamp = {Sun, 13 Jun 2010 21:49:09 +0200},
  biburl    = {http://dblp.uni-trier.de/rec/bib/conf/date/VerbeekS10},
  bibsource = {dblp computer science bibliography, http://dblp.org}
}

@proceedings{DBLP:conf/date/2010,
  title     = {Design, Automation and Test in Europe, {DATE} 2010, Dresden, Germany,
               March 8-12, 2010},
  publisher = {{IEEE}},
  year      = {2010},
  timestamp = {Sun, 13 Jun 2010 21:42:59 +0200},
  biburl    = {http://dblp.uni-trier.de/rec/bib/conf/date/2010},
  bibsource = {dblp computer science bibliography, http://dblp.org}
}

