@article{DBLP:journals/dt/ChatterjeeKO12,
  author    = {Satrajit Chatterjee and
               Michael Kishinevsky and
               {\"{U}}mit Y. Ogras},
  title     = {xMAS: Quick Formal Modeling of Communication Fabrics to Enable Verification},
  journal   = {{IEEE} Design {\&} Test of Computers},
  volume    = {29},
  number    = {3},
  pages     = {80--88},
  year      = {2012},
  url       = {http://dx.doi.org/10.1109/MDT.2012.2205998},
  doi       = {10.1109/MDT.2012.2205998},
  timestamp = {Thu, 18 Oct 2012 10:09:20 +0200},
  biburl    = {http://dblp.uni-trier.de/rec/bib/journals/dt/ChatterjeeKO12},
  bibsource = {dblp computer science bibliography, http://dblp.org}
}

